<record><leader>00000cas a22000007a 4500</leader><controlfield tag="001">11379754</controlfield><controlfield tag="008">841113d18521859wiuwr ne      0   a0eng d</controlfield><controlfield tag="009">3770</controlfield><datafield ind1=" " ind2=" " tag="010"><subfield code="a">sn 84024608 </subfield></datafield><datafield ind1=" " ind2=" " tag="040"><subfield code="a">NPV</subfield><subfield code="b">eng</subfield><subfield code="c">NPV</subfield><subfield code="d">DLC</subfield><subfield code="d">NPX</subfield></datafield><datafield ind1="1" ind2=" " tag="029"><subfield code="a">AU@</subfield><subfield code="b">000025832601</subfield></datafield><datafield ind1=" " ind2=" " tag="042"><subfield code="a">msc</subfield></datafield><datafield ind1=" " ind2=" " tag="043"><subfield code="a">n-us-wi</subfield></datafield><datafield ind1=" " ind2=" " tag="045"><subfield code="a">w5w5</subfield></datafield><datafield ind1="0" ind2="0" tag="050"><subfield code="a">Newspaper</subfield></datafield><datafield ind1=" " ind2=" " tag="052"><subfield code="a">4123</subfield><subfield code="b">D3</subfield></datafield><datafield ind1="0" ind2="0" tag="245"><subfield code="a">Weekly Argus and Democrat.</subfield></datafield><datafield ind1="1" ind2="3" tag="246"><subfield code="a">Argus &amp; Democrat</subfield></datafield><datafield ind1=" " ind2=" " tag="260"><subfield code="a">Madison [Wis.] :</subfield><subfield code="b">Brown &amp; Carpenter,</subfield><subfield code="c">1852-1859.</subfield></datafield><datafield ind1=" " ind2=" " tag="300"><subfield code="a">8 v. :</subfield><subfield code="b">ill. (chiefly advertisements)</subfield><subfield code="c">68 cm.</subfield></datafield><datafield ind1=" " ind2=" " tag="310"><subfield code="a">Weekly</subfield></datafield><datafield ind1="0" ind2=" " tag="362"><subfield code="a">Vol. 1, no. 1 (June 15, 1852)-v. 15, no. 45 (June 28, 1859).</subfield></datafield><datafield ind1=" " ind2=" " tag="500"><subfield code="a">Publisher varies.</subfield></datafield><datafield ind1=" " ind2=" " tag="515"><subfield code="a">Numbering designation of the Weekly Wisconsin Argus resumed with issue of June 22, 1852.</subfield></datafield><datafield ind1=" " ind2=" " tag="515"><subfield code="a">Vols. for &lt;June 22, 1852-Aug. 18, 1857&gt; called also new series no. &lt;2-268&gt;.</subfield></datafield><datafield ind1=" " ind2=" " tag="530"><subfield code="a">Also available on microfilm from The State Historical Society of Wisconsin.</subfield></datafield><datafield ind1=" " ind2=" " tag="580"><subfield code="a">Also issued in a daily ed. with title: Daily Argus and Democrat.</subfield></datafield><datafield ind1=" " ind2=" " tag="580"><subfield code="a">Also issued in a triweekly ed. with title: Triweekly Argus and Democrat.</subfield></datafield><datafield ind1=" " ind2=" " tag="752"><subfield code="a">United States</subfield><subfield code="b">Wisconsin</subfield><subfield code="c">Dane</subfield><subfield code="d">Madison.</subfield></datafield><datafield ind1="1" ind2=" " tag="775"><subfield code="t">Daily Argus and Democrat (Madison, Wis. : 1852)</subfield><subfield code="w">(DLC)sn 84025133</subfield></datafield><datafield ind1="1" ind2=" " tag="775"><subfield code="t">Triweekly Argus and Democrat</subfield></datafield><datafield ind1="0" ind2="4" tag="780"><subfield code="t">Weekly Wisconsin Argus</subfield><subfield code="w">(DLC)sn 86072062</subfield></datafield><datafield ind1="0" ind2="4" tag="780"><subfield code="t">Wisconsin Democrat (Madison, Wis. : 1846)</subfield><subfield code="w">(DLC)sn 84024610</subfield></datafield></record>